@mastersthesis{rodas_gallego_evaluacion_2016,
	address = {Medellín, Colombia},
	title = {Evaluación {Económica} de la {Respuesta} de la {Demanda} en el {Mercado} {Eléctrico} {Colombiano}},
	language = {Español},
	school = {Universidad de Antioquia},
	author = {Rodas Gallego, Edwin Ariel},
	month = oct,
	year = {2016}
}

@INPROCEEDINGS{Caniz-AAstoch-2012, 
author={M. Pirnia and C. A. Cañizares and K. Bhattacharya and A. Vaccaro}, 
booktitle={2012 IEEE Power and Energy Society General Meeting}, 
title={An Affine Arithmetic method to solve the stochastic power flow problem based on a mixed complementarity formulation}, 
year={2012}, 
volume={}, 
number={}, 
pages={1-7}, 
keywords={load flow;Monte Carlo methods;optimisation;stochastic processes;wind power plants;affine arithmetic method;mixed complementarity formulation;affine-based stochastic power flow problem;optimization-based model;complementarity conditions;generator bus voltage controls;reactive power limits;voltage recovery;power flow variables;AA method;active power demand uncertainty;reactive power demand uncertainty;14-bus test system;Monte-Carlo simulation;MCS;statistical distributions;Reactive power;Load flow;Uncertainty;Noise;Generators;Stochastic processes;Vectors;Power flow problem;mixed complementarity problem;stochastic power flow problem;affine arithmetic;monte-carlo simulation}, 
doi={10.1109/PESGM.2012.6345100}, 
ISSN={1932-5517}, 
month={July},}


@Article{userCutsCristian,
AUTHOR = {Marín-Cano, Cristian Camilo and Sierra-Aguilar, Juan Esteban and López-Lezama, Jesús M. and Jaramillo-Duque, Alvaro and Villa-Acevedo, Walter M.},
TITLE = {Implementation of User Cuts and Linear Sensitivity Factors to Improve the Computational Performance of the Security-Constrained Unit Commitment Problem},
JOURNAL = {Energies},
VOLUME = {12},
YEAR = {2019},
NUMBER = {7},
ARTICLE-NUMBER = {1399},
URL = {http://www.mdpi.com/1996-1073/12/7/1399},
ISSN = {1996-1073},
DOI = {10.3390/en12071399}
}

